<collection xmlns="http://www.loc.gov/MARC21/slim">
<record>
  <leader>01630nam0a22003131i 450 </leader>
  <controlfield tag="001">IT\ICCU\CNCE\036036</controlfield>
  <controlfield tag="005">20160422000000.0</controlfield>
  <datafield tag="012" ind1=" " ind2=" ">
    <subfield code="a">noni r-o: last prne (C) 1505 (R)</subfield>
    <subfield code="2">fei</subfield>
  </datafield>
  <datafield tag="100" ind1=" " ind2=" ">
    <subfield code="a">19980116d1505        0itac0103    ba</subfield>
  </datafield>
  <datafield tag="101" ind1=" " ind2=" ">
    <subfield code="a">LAT</subfield>
    <subfield code="a">GRC</subfield>
  </datafield>
  <datafield tag="102" ind1=" " ind2=" ">
    <subfield code="a">IT</subfield>
  </datafield>
  <datafield tag="200" ind1="1" ind2=" ">
    <subfield code="a">℗Luciani ℗Philopseudes siue Apiston e graeco in latinum versus per Constantium Clariti de cancellariis artium et medicinae doctorem in Bononiensi gymnasio philosophiam graece profitentem</subfield>
  </datafield>
  <datafield tag="210" ind1=" " ind2=" ">
    <subfield code="e">Bononiae</subfield>
    <subfield code="g">Benedictus Hectoris Bononiensis impressit</subfield>
    <subfield code="h">1505</subfield>
  </datafield>
  <datafield tag="215" ind1=" " ind2=" ">
    <subfield code="a">\20! c.</subfield>
    <subfield code="d">4ʻ</subfield>
  </datafield>
  <datafield tag="620" ind1=" " ind2=" ">
    <subfield code="a">IT</subfield>
    <subfield code="d">Bologna</subfield>
  </datafield>
  <datafield tag="700" ind1=" " ind2="0">
    <subfield code="a">Lucianus</subfield>
    <subfield code="3">IT\ICCU\CNCA\000211</subfield>
  </datafield>
  <datafield tag="702" ind1=" " ind2="1">
    <subfield code="a">Claretti,</subfield>
    <subfield code="b">Costantino</subfield>
    <subfield code="3">IT\ICCU\CNCA\020667</subfield>
  </datafield>
  <datafield tag="712" ind1="0" ind2="0">
    <subfield code="a">Faelli, Benedetto</subfield>
    <subfield code="c"> &lt;1.&gt;</subfield>
    <subfield code="3">IT\ICCU\CNCT\000129</subfield>
    <subfield code="4">650</subfield>
  </datafield>
  <datafield tag="790" ind1=" " ind2="0">
    <subfield code="a">Lucianus</subfield>
    <subfield code="c"> : Samosatensis</subfield>
    <subfield code="3">IT\ICCU\CNCA\008636</subfield>
    <subfield code="z">Lucianus</subfield>
  </datafield>
  <datafield tag="790" ind1=" " ind2="0">
    <subfield code="a">Luciano</subfield>
    <subfield code="3">IT\ICCU\CNCA\020665</subfield>
    <subfield code="z">Lucianus</subfield>
  </datafield>
  <datafield tag="790" ind1=" " ind2="0">
    <subfield code="a">Luciano</subfield>
    <subfield code="c"> : di#Samosata</subfield>
    <subfield code="3">IT\ICCU\CNCA\020666</subfield>
    <subfield code="z">Lucianus</subfield>
  </datafield>
  <datafield tag="791" ind1="0" ind2="2">
    <subfield code="a">Benedictus Hectoris</subfield>
    <subfield code="c"> &lt;1.&gt;</subfield>
    <subfield code="3">IT\ICCU\CNCT\002712</subfield>
    <subfield code="z">Faelli, Benedetto &lt;1.&gt;</subfield>
  </datafield>
  <datafield tag="791" ind1="0" ind2="0">
    <subfield code="a">Hectoris, Benedictus</subfield>
    <subfield code="3">IT\ICCU\CNCT\002721</subfield>
    <subfield code="z">Faelli, Benedetto &lt;1.&gt;</subfield>
  </datafield>
  <datafield tag="791" ind1="0" ind2="2">
    <subfield code="a">Benedictus Bononiensis</subfield>
    <subfield code="3">IT\ICCU\CNCT\003789</subfield>
    <subfield code="z">Faelli, Benedetto &lt;1.&gt;</subfield>
  </datafield>
  <datafield tag="791" ind1="0" ind2="2">
    <subfield code="a">Benedetto di Hettore</subfield>
    <subfield code="3">IT\ICCU\CNCT\005101</subfield>
    <subfield code="z">Faelli, Benedetto &lt;1.&gt;</subfield>
  </datafield>
  <datafield tag="791" ind1="0" ind2="0">
    <subfield code="a">Hectoreus, Benedictus</subfield>
    <subfield code="3">IT\ICCU\CNCT\005102</subfield>
    <subfield code="z">Faelli, Benedetto &lt;1.&gt;</subfield>
  </datafield>
  <datafield tag="801" ind1=" " ind2="3">
    <subfield code="a">IT</subfield>
    <subfield code="b">ICCU</subfield>
    <subfield code="c">20201114</subfield>
  </datafield>
  <datafield tag="899" ind1=" " ind2=" ">
    <subfield code="a">Biblioteca civica. Vercelli</subfield>
    <subfield code="1">VC0073</subfield>
    <subfield code="2">TO0 A2</subfield>
  </datafield>
  <datafield tag="921" ind1=" " ind2=" ">
    <subfield code="a">IT\ICCU\CNCM\000960</subfield>
    <subfield code="b">Cerchio con croce doppia e triangolo inscritto. Iniziale B.</subfield>
    <subfield code="c">K12</subfield>
    <subfield code="d">Dimensioni: 4,5 x 7</subfield>
    <subfield code="f">B</subfield>
    <subfield code="f">CERCHIO</subfield>
    <subfield code="f">CROCE</subfield>
    <subfield code="f">LORENA</subfield>
    <subfield code="f">TRIANGOLO</subfield>
    <subfield code="g">1501-1524</subfield>
  </datafield>
</record>
</collection>
